

@book{lamport94,
    author    = "Leslie Lamport",
    title     = "{\LaTeX: A Document Preparation System}",
    year      = "1994",
    publisher = "Addison-Wesley",
    edition = "2nd",
    address   = "Reading, Massachusetts"
}

@inproceedings{nicepaper1,
  author = "Firstname1 Lastname1 and Firstname2 Lastname2",
  title = "A Very Nice Paper To Cite",
  year = "2012",
  booktitle = "Proceedings of the 33rd Annual ACM SIGPLAN Conference on Programming Language Design and Implementation"
}

@inproceedings{nicepaper2,
  author = "Firstname1 Lastname1 and Firstname2 Lastname2 and Firstname3 Lastname3",
  title = "Another Very Nice Paper to Cite",
  year = "2011",
  booktitle = "Proceedings of the 22nd ACM Symposium on Operating Systems Principles"
}

@inproceedings{nicepaper3,
  author = "Firstname1 Lastname1 and Firstname2 Lastname2 and Firstname3 Lastname3 and Firstname4 Lastname4 and Firstname5 Lastname5",
  title = "Yet Another Very Nice Paper To Cite, With Many Author Names All Spelled Out",
  year = "2011",
  booktitle = "Proceedings of the 38th Annual International Symposium on Computer Architecture"
}
@inproceedings{jia2012characterizing,
  title={{Characterizing and Improving the Use of Demand-fetched Caches in GPUs}},
  author={Jia, Wenhao and Shaw, Kelly A and Martonosi, Margaret},
  booktitle={{Proceedings of the 26th ACM international conference on Supercomputing (ICS 26)}},
  pages={15--24},
  year={2012}
}

@article{nvidia2009nvidia,
  title={NVIDIA's Next Generation CUDA Compute Architecture: FERMI},
  author={Nvidia, C},
  journal={Computer system},
  volume={26},
  pages={63--72},
  year={2009}
}

@article{demers2011evolution,
  title={Evolution of AMD Graphics},
  author={Demers, Eric},
  journal={AMD Fusion Developer Summit},
  year={2011}
}

@INPROCEEDINGS{komoda2012communication,
author={Komoda, T. and Miwa, S. and Nakamura, H.},
booktitle={Proc. 26th IEEE Intl. Parallel and Distributed Processing Symp. Workshops PhD Forum
(IPDPSW)},
title={{Communication Library to Overlap Computation and Communication for OpenCL Application}},
year={2012},
pages={567--573},
doi={10.1109/IPDPSW.2012.68},
}

@inproceedings{mokhtari2014bigkernel,
 author = {Mokhtari, Reza and Stumm, Michael},
 title = {{BigKernel -- High Performance CPU-GPU Communication Pipelining for Big Data-Style
Applications}},
 booktitle = {Proceedings of the IEEE 28th International Parallel and Distributed Processing
Symposium (IPDPS '14)},
 year = {2014},
 pages = {819--828}
} 

@inproceedings{pai2012fast,
 author = {Pai, S. and Govindarajan, R. and Thazhuthaveetil, M.J.},
 title = {{Fast and Efficient Automatic Memory Management for GPUs Using Compiler-assisted Runtime
Coherence Scheme}},
 booktitle = {Proc. 21st Intl. Conf. on Parallel Architectures and Compilation Techniques (PACT)},
 year = {2012},
 isbn = {978-1-4503-1182-3},
 pages = {33--42},
 numpages = {10},
 url = {http://doi.acm.org/10.1145/2370816.2370824},
 doi = {10.1145/2370816.2370824},
 acmid = {2370824},
} 


@misc{WinNT,
  title = {{MS Windows NT} Kernel Description},
  howpublished =
{\url{http://web.archive.org/web/20080207010024/http://www.808multimedia.com/winnt/kernel.htm}},
  note = {Accessed: 2010-09-30}
}

@misc{nvidia780,
   author = "Wikipedia",
   title = "GeForce 700 series --- {W}ikipedia{,} The Free Encyclopedia",
   year = "2013",
  howpublished = {\url{http://en.wikipedia.org/wiki/GeForce_700_series}}
 }

@misc{nvidia7802,
   author = "Wikipedia",
   title = "Plagiarism --- {W}ikipedia{,} The Free Encyclopedia",
   year = "2004",
   url = "\url{http://en.wikipedia.org/w/index.php?title=Plagiarism&oldid=5139350}",
  howpublished = {\url{http://en.wikipedia.org/wiki/GeForce_700_series}},

   note = "[Online; accessed 22-July-2004]"
 }

@INPROCEEDINGS{wongDomestifying, 
author={Wong, H. and Papadopoulou, M.-M. and Sadooghi-Alvandi, M. and Moshovos, A}, 
booktitle={2010 IEEE International Symposium on Performance Analysis of Systems Software (ISPASS)}, 
title={{Demystifying GPU Microarchitecture Through Microbenchmarking}}, 
year={2010}, 
pages={235-246}
}

@inproceedings{Baskaran,
 author = {Baskaran, Muthu Manikandan and Bondhugula, Uday and Krishnamoorthy, Sriram and Ramanujam,
J. and Rountev, Atanas and Sadayappan, P.},
 title = {{A Compiler Framework for Optimization of Affine Loop Nests for GPGPUs}},
 booktitle = {Proceedings of the 22nd Annual International Conference on Supercomputing (ICS '08)},
 year = {2008},
 pages = {225--234}
} 

@inproceedings{YangCompiler,
 author = {Yang, Yi and Xiang, Ping and Kong, Jingfei and Zhou, Huiyang},
 title = {{A GPGPU Compiler for Memory Optimization and Parallelism Management}},
 booktitle = {Proceedings of the 2010 ACM SIGPLAN Conference on Programming Language Design and
Implementation (PLDI '10)},
 year = {2010},
 pages = {86--97}
} 

@inproceedings{torres2011understanding,
  title={{Understanding the Impact of CUDA Tuning Techniques for Fermi}},
  author={Torres, Yuri and Gonzalez-Escribano, Arturo and Llanos, Diego R},
  booktitle={2011 International Conference on High Performance Computing and Simulation (HPCS)},
  pages={631--639},
  year={2011}
}

@article{singh2013cache,
  title={{Cache Coherence for GPU Architectures}},
  author={Singh, Inderpreet and Shriraman, Arrvindh and Fung, Wilson and O'Connor, Mike and Aamodt,
Tor},
  year={2013},
  publisher={IEEE}
}

@ARTICLE{6756705, 
author={Singh, I and Shriraman, A and Fung, W.W.L. and O'Connor, M. and Aamodt, T.M.}, 
title={{Cache Coherence for GPU Architectures}}, 
journal={MICRO, IEEE}, 
year={2014}, 
pages={69-79}
}

@inproceedings{silberstein2008efficient,
  title={Efficient computation of sum-products on GPUs through software-managed cache},
  author={Silberstein, Mark and Schuster, Assaf and Geiger, Dan and Patney, Anjul and Owens, John
D},
  booktitle={Proceedings of the 22nd annual international conference on Supercomputing},
  pages={309--318},
  year={2008},
  organization={ACM}
}
@incollection{ueng2008cuda,
  title={{CUDA-lite: Reducing GPU Programming Complexity}},
  author={Ueng, Sain-Zee and Lathara, Melvin and Baghsorkhi, Sara S and Wen-mei, W Hwu},
  booktitle={Languages and Compilers for Parallel Computing},
  pages={1--15},
  year={2008}
}

@misc{insideKepler,
   author = "Manuel Ujaldon",
   title = "Inside Kepler",
   year = "2013",
  howpublished = {\url{http://gpu.cs.uct.ac.za/Slides/Kepler.pdf}}
 }

@inproceedings{moazeni2009memory,
  title={{A Memory Optimization Technique for Software-managed Scratchpad Memory in GPUs}},
  author={Moazeni, Maryam and Bui, Alex and Sarrafzadeh, Majid},
  booktitle={IEEE 7th Symposium on Application Specific Processors (SASP'09)},
  pages={43--49},
  year={2009}
}

@INPROCEEDINGS{fftgpu, 
author={Nukada, A and Ogata, Y. and Endo, T. and Matsuoka, S.}, 
booktitle={International Conference for High Performance Computing, Networking, Storage and Analysis (SC 2008)}, 
title={{Bandwidth intensive 3-D FFT kernel for GPUs using CUDA}}, 
year={2008}, 
pages={1-11}
}

@inproceedings{che2009rodinia,
  title={{Rodinia: A Benchmark Suite for Heterogeneous Computing}},
  author={Che, Shuai and Boyer, Michael and Meng, Jiayuan and Tarjan, David and Sheaffer, Jeremy W
and Lee, Sang-Ha and Skadron, Kevin},
  booktitle={IEEE International Symposium on Workload Characterization (IISWC 2009)},
  pages={44--54},
  year={2009}
}

@article{tolke2008teraflop,
  title={{TeraFLOP computing on a desktop PC with GPUs for 3D CFD}},
  author={T{\"o}lke, Jonas and Krafczyk, Manfred},
  journal={International Journal of Computational Fluid Dynamics},
  pages={443--456},
  year={2008}
}

@article{suchard2010understanding,
  title={{Understanding GPU programming for statistical computation: Studies in massively parallel
massive mixtures}},
  author={Suchard, Marc A and Wang, Quanli and Chan, Cliburn and Frelinger, Jacob and Cron, Andrew
and West, Mike},
  journal={Journal of Computational and Graphical Statistics},
  pages={419--438},
  year={2010}
}

@inproceedings{walters2009evaluating,
  title={{Evaluating the Use of GPUs in Liver Image Segmentation and HMMER Database Searches}},
  author={Walters, John Paul and Balu, Vidyananth and Kompalli, Suryaprakash and Chaudhary, Vipin},
  booktitle={IEEE International Symposium on Parallel \& Distributed Processing (IPDPS 2009)},
  pages={1--12},
  year={2009}
}

@inproceedings{rodrigues2008gpu,
  title={{GPU Acceleration of Cutoff Pair Potentials for Molecular Modeling Applications}},
  author={Rodrigues, Christopher I and Hardy, David J and Stone, John E and Schulten, Klaus and Hwu,
Wen-Mei W},
  booktitle={Proceedings of the 5th conference on Computing frontiers},
  pages={273--282},
  year={2008}
}

@inproceedings{ji2011using,
  title={{Using Shared Memory to Accelerate MapReduce on Graphics Processing Units}},
  author={Ji, Feng and Ma, Xiaosong},
  booktitle={IEEE International Symposium on Parallel \& Distributed Processing (IPDPS 2011)},
  pages={805--816},
  year={2011}
}

@inproceedings{lin2010accelerating,
  title={{Accelerating String Matching Using Multi-threaded Algorithm on GPU}},
  author={Lin, Cheng-Hung and Tsai, Sheng-Yu and Liu, Chen-Hsiung and Chang, Shih-Chieh and Shyu,
J-M},
  booktitle={Global Telecommunications Conference (GLOBECOM 2010)},
  pages={1--5},
  year={2010}
}

@inproceedings{Gaurgpu,
 author = {Gaur, Jayesh and Srinivasan, Raghuram and Subramoney, Sreenivas and Chaudhuri, Mainak},
 title = {{Efficient Management of Last-level Caches in Graphics Processors for 3D Scene Rendering
Workloads}},
 booktitle = {Proceedings of the 46th Annual IEEE/ACM International Symposium on
Microarchitecture (MICRO 46)},
 year = {2013},
 pages = {395--407}
} 
@article{Khangpu,
  title={{A Script-based Autotuning Compiler System to Generate High-performance CUDA Code}},
  author={Khan, Malik and Basu, Protonu and Rudy, Gabe and Hall, Mary and Chen, Chun and Chame,
Jacqueline},
  journal={ACM Transactions on Architecture and Code Optimization (TACO)},
 pages = {31:1--31:25},
  year={2013}
}


@inproceedings{Khorasanigpu,
 author = {Khorasani, Farzad and Vora, Keval and Gupta, Rajiv and Bhuyan, Laxmi N.},
 title = {{CuSha: Vertex-centric Graph Processing on GPUs}},
 booktitle = {Proceedings of the 23rd International Symposium on High-performance Parallel and
Distributed Computing (HPDC '14)},
 year = {2014},
 pages = {239--252}
} 

@INPROCEEDINGS{gregg2011data, 
author={Gregg, C. and Hazelwood, K.}, 
booktitle={Proceedings of IEEE Intl. Symp. on Performance Analysis of Systems and Software (ISPASS)}, 
title={{Where is the Data? Why You Cannot Debate CPU vs. GPU Performance Without the Answer}},
year={2011},
pages={134-144},
doi={10.1109/ISPASS.2011.5762730},
}

@inproceedings{bauer2011cudadma,
  title={{CudaDMA: Optimizing GPU Memory Bandwidth Via Warp Specialization}},
  author={Bauer, Michael and Cook, Henry and Khailany, Brucek},
  booktitle={Proceedings of 2011 international conference for high performance computing,
networking, storage and analysis},
  pages={12},
  year={2011}
}
@inproceedings{wilson2005opinionfinder,
 author = {Wilson, T. and Hoffmann, P. and Somasundaran, S. and Kessler, J. and Wiebe, J. and Choi,
Y. and Cardie, C. and Riloff, E. and Patwardhan, S.},
 title = {{OpinionFinder: a System for Subjectivity Analysis}},
 booktitle = {Proceedings of HLT/EMNLP on Interactive Demonstrations},
 year = {2005},
 pages = {34--35}
} 

@article{dnaassembly,
    author = {Chapman, J.A. and Ho, I. and Sunkara, S. and Luo, S. and Schroth, G.P. and Rokhsar,
D.S.},
    journal = {PLoS ONE},
    title = {{Meraculous: De Novo Genome Assembly with Short Paired-End Reads}},
    year = {2011},
    pages = {e23501}
} 

@article{nvidia2011nvidia,
  title={{Nvidia CUDA c programming guide}},
  author={Nvidia, CUDA},
  journal={NVIDIA Corporation},
  volume={120},
  year={2011}
}

@inproceedings{thies2002streami,
  title={{StreamIt: A language for streaming applications}},
  author={Thies, William and Karczmarek, Michal and Amarasinghe, Saman},
  booktitle={Compiler Construction},
  pages={179--196},
  year={2002},
  organization={Springer}
}
@INPROCEEDINGS{ispasswork, 
author={Chao Li and Yi Yang and Hongwen Dai and Shengen Yan and Mueller, F. and Huiyang Zhou}, 
booktitle={2014 IEEE International Symposium on Performance Analysis of Systems and Software (ISPASS), }, 
title={{Understanding the tradeoffs between software-managed vs. hardware-managed caches in GPUs}}, 
year={2014}, 
pages={231-242}
}
